@online{alcock,
author = {C. B. Alcock},
title = {Vapor Pressure of the Metallic Elements},
year = {2000},
url = {https://www.physics.nyu.edu/kentlab/How_to/ChemicalInfo/VaporPressure/Pressure.pdf}
}
@book{ramsey,
author = {Norman F. Ramsey},
title = {Molecular Beams},
year = {1956},
publisher = {Oxford University Press},
}
@article{das,
author = {Dipankar Das $\it{et\ al}$},
journal = {Phys. Rev. A},
volume = {$\bf{72}$, 032506},
year = {2005},
}
@article{laeter,
author = {J. R. de Laeter $\it{et\ al}$},
journal = {Pure and Applied Chemistry},
volume = {$\bf{75}$ (6): 683-800},
year = {2003},
}
@book{compton,
author = {Robert N. Compton, Michael A. Duncan},
title = {Laser Experiments for Chemistry and Physics},
year = {2016},
publisher = {Oxford University Press},
}

